%% This BibTeX bibliography file was created using BibDesk.
%% http://www.cs.ucsd.edu/~mmccrack/bibdesk.html


%% Created for Gilles Serasset at 2011-10-14 16:24:59 +0200 


%% Saved with string encoding Unicode (UTF-8) 

@inproceedings{FRANCOPOULO:2006:INRIA-00121468:1,
    hal_id = {inria-00121468},
    url = {http://hal.inria.fr/inria-00121468/en/},
    title = {{Lexical Markup Framework (LMF)}},
    author = {Francopoulo, Gil and George, Monte and Calzolari, Nicoletta and Monachini, Monica and Bel, Nuria and Pet, Mandy and Soria, Claudia},
    abstract = {{ISO standard for NLP lexicons. LMF is designed within ISO TC37. LMF covers all natural languages. LMF is defined in UML (OMG).}},
    keywords = {ISO TC37 Standard in NLP lexicons UML XML LIRICS},
    language = {Anglais},
    affiliation = {LANGUE ET DIALOGUE - INRIA Lorraine - LORIA - INRIA - CNRS : UMR7503 - Universit{\'e} Henri Poincar{\'e} - Nancy I - Universit{\'e} Nancy II - Institut National Polytechnique de Lorraine - ANSI - ANSI - Istituto Di Linguistica Computazionale "Antonio Zampolli" - CNR-ILC - Consiglio Nazionale delle Ricerche - UPF - UPF - UPF},
    booktitle = {{International Conference on Language Resources and Evaluation - LREC 2006}},
    address = {G{\^e}nes/Italie},
    organization = {elra},
    note = {LIRICS },
    audience = {non sp{\'e}cifi{\'e}e },
    year = {2006},
    pdf = {http://hal.inria.fr/inria-00121468/PDF/LMFPaperForLREC2006FinalSubmission31March06.pdf},
}

@inproceedings{archer:2010,
	Author = {Archer, Vincent},
	Booktitle = {Proceedings of TextGraphs-5 - ACL-2010 Workshop on Graph-based Methods for Natural Language},
	Date-Added = {2011-10-14 20:57:56 +0000},
	Date-Modified = {2011-10-14 21:00:02 +0000},
	Pages = {69--73},
	Publisher = {Association for Computational Linguistics},
	Title = {{MuLLinG: MultiLevel Linguistic Graphs for Knowledge Extraction}},
	Year = {2010}}

@INPROCEEDINGS{Auer07dbpedia:a,
    author = {Sören Auer and Christian Bizer and Georgi Kobilarov and Jens Lehmann and Zachary Ives},
    title = {DBpedia: A Nucleus for a Web of Open Data},
    booktitle = {In 6th Int’l Semantic Web Conference, Busan, Korea},
    year = {2007},
    pages = {11--15},
    publisher = {Springer}
}

@inproceedings{ZeschMuellerGurevych2008,
	Author = {Torsten Zesch and Christof M{\"{u}}ller and Iryna Gurevych},
	Booktitle = {Proceedings of the Conference on Language Resources and Evaluation (LREC)},
	Date-Added = {2011-10-14 14:24:55 +0000},
	Date-Modified = {2011-10-14 14:24:55 +0000},
	Title = {{Extracting Lexical Semantic Knowledge from Wikipedia and Wiktionary}},
	Year = {2008}}

@inproceedings{navarro-EtAl-IJCNLP2009,
	Address = {Suntec, Singapore},
	Author = {Navarro, Emmanuel and Sajous, Franck and Gaume, Bruno and Pr\'{e}vot, Laurent and Hsieh, ShuKai and Kuo, Ivy and Magistry, Pierre and Huang, Chu-Ren},
	Booktitle = {Proceedings of the 2009 ACL-IJCNLP Workshop on The People's Web Meets NLP: Collaboratively Constructed Semantic Resources},
	Date-Added = {2011-10-14 14:19:21 +0000},
	Date-Modified = {2011-10-14 14:19:21 +0000},
	Month = {August},
	Pages = {19--27},
	Publisher = {Association for Computational Linguistics},
	Title = {Wiktionary and {NLP}: {I}mproving synonymy networks},
	Url = {http://w3.erss.univ-tlse2.fr/textes/pagespersos/fsajous/papers/ACL-IJCNLP2009/navarroEtAl-ACL-IJCNLP2009.pdf},
	Year = {2009},
	Bdsk-Url-1 = {http://w3.erss.univ-tlse2.fr/textes/pagespersos/fsajous/papers/ACL-IJCNLP2009/navarroEtAl-ACL-IJCNLP2009.pdf}}

@incollection{sajous-EtAl-IceTAL2010,
	Abstract = {The lack of large-scale, freely available and durable lexical resources, and the consequences for NLP, is widely acknowledged but the attempts to cope with usual bottlenecks preventing their development often result in dead-ends. This article introduces a language-independent, semi-automatic and endogenous method for enriching lexical resources, based on collaborative editing and random walks through existing lexical relationships, and shows how this approach enables us to overcome recurrent impediments. It compares the impact of using different data sources and similarity measures on the task of improving synonymy networks. Finally, it defines an architecture for applying the presented method to Wiktionary and explains how it has been implemented.},
	Author = {Sajous, Franck and Navarro, Emmanuel and Gaume, Bruno and Pr\'{e}vot, Laurent and Chudy, Yannick},
	Booktitle = {Advances in Natural Language Processing},
	Date-Added = {2011-10-14 14:19:21 +0000},
	Date-Modified = {2011-10-14 14:19:21 +0000},
	Editor = {Hrafn Loftsson and Eir\'{i}kur R\"{o}gnvaldsson and Sigr\'{u}n Helgad\'{o}ttir},
	Isbn = {978-3-642-14769-2},
	Pages = {332--344},
	Publisher = {Springer Berlin / Heidelberg},
	Series = {Lecture Notes in Computer Science},
	Title = {Semi-automatic {E}ndogenous {E}nrichment of {C}ollaboratively {C}onstructed {L}exical {R}esources: {P}iggybacking onto {W}iktionary},
	Volume = {6233},
	Year = {2010}}

@article{Wagner:2009ly,
	Author = {Roland Wagner and Proell, Martina and Kufer, Thomas and Schwarzenbacher, Robert},
	Date-Added = {2011-10-14 14:10:10 +0000},
	Date-Modified = {2011-10-14 14:10:10 +0000},
	Doi = {10.1371/journal.pone.0004931},
	Issn = {1932-6203},
	Journal = {PloS one},
	Number = {4},
	Title = {Evaluation of Nod-like receptor (NLR) effector domain interactions.},
	Volume = {4},
	Year = {2009},
	Bdsk-Url-1 = {http://dx.doi.org/10.1371/journal.pone.0004931}}

@article{Nguyen:2007vn,
	Author = {Hong-Thai Nguyen and Boitet, Christian and S{\'e}rasset, Gilles},
	Date-Added = {2011-10-14 14:10:06 +0000},
	Date-Modified = {2011-10-14 14:10:06 +0000},
	Journal = {SNLP 2007, Bangkok, Thailand},
	Title = {PIVAX, an online contributive lexical database for heterogeneous MT systems using a lexical pivot},
	Year = {2007}}

@article{Hamon:2010fk,
	Author = {Olivier Hamon},
	Date-Added = {2011-10-14 14:09:56 +0000},
	Date-Modified = {2011-10-14 14:09:56 +0000},
	Title = {Vers une architecture g{\'e}n{\'e}rique et p{\'e}renne pour l'{\'e}valuation en traitementautomatique des langues : sp{\'e}cifications, m{\'e}thodologies et mesures},
	Year = {2010}}

@phdthesis{archer:2009,
	Author = {Vincent Archer},
	Date-Added = {2010-05-21 14:11:06 +0200},
	Date-Modified = {2010-05-21 14:11:06 +0200},
	Keywords = {extraction -- acquisition de connaissances -- mod{\`e}le de graphe -- manipulation de graphes -- g{\'e}n{\'e}ricit{\'e} -- collocations},
	Month = {September},
	School = {Universit{\'e} Joseph-Fourier - Grenoble I},
	Title = {Graphes linguistiques multiniveau pour l'extraction de connaissances : l'exemple des collocations},
	Type = {Nouvelle Th{\`e}se},
	Year = {2009}}

@misc{serasset-tutorial-07,
	Author = {Gilles S{\'e}rasset},
	Date-Added = {2009-07-03 10:23:43 +0200},
	Date-Modified = {2009-07-03 10:28:10 +0200},
	Month = {December},
	Note = {Pre-tutorial SNLP2007, Bangkok, Thailand,},
	Title = {Multilingual Lexical Databases},
	Year = {2007}}

@inproceedings{archer:recital06,
	Address = {Leuven, Belgique},
	Author = {Archer, Vincent},
	Booktitle = {RECITAL 2006},
	Date-Added = {2009-06-02 13:44:53 +0200},
	Date-Modified = {2009-06-02 13:45:36 +0200},
	Title = {Acquisition semi-automatique de collocations {\`a} partir de corpus monolingues et multilingues comparables},
	Year = {2006}}

@inproceedings{archer:mtt2007,
	Address = {Klagenfurt},
	Author = {Archer, Vincent},
	Booktitle = {MTT 2007},
	Date-Added = {2009-06-02 13:40:54 +0200},
	Date-Modified = {2009-06-02 13:44:18 +0200},
	Month = {May},
	Publisher = {Wiener Slawistischer Almanach},
	Title = {Using conceptual vectors to get {Magn} collocations (and using contrastive properties to get their translations)},
	Volume = {69},
	Year = {2007}}

@inproceedings{Serasset:2008nx,
	Address = {Bolzano},
	Author = {S{\'e}rasset, Gilles},
	Booktitle = {Normazione, armonizzazione e pianificazione linguistica; Normierung, Harmonisierung und Sprachplanung; Normalisation, harmonisation et planification linguistique},
	Date-Added = {2009-05-06 17:06:55 +0200},
	Date-Modified = {2009-05-06 17:12:36 +0200},
	Editor = {Chiocchetti, Elena and Voltmer, Leonhard},
	Pages = {31-47},
	Publisher = {EURAC Research},
	Title = {La plate-forme "Jibiki" dans le projet LexALP},
	Year = {2008}}

@book{SWHS:LREbook431,
	Date-Added = {2009-05-04 12:02:12 +0200},
	Date-Modified = {2009-05-04 12:02:12 +0200},
	Editor = {S{\'e}rasset, Gilles and Witt, Andreas and Heid, Ulrich and Sasaki, Felix},
	Month = {March},
	Number = {1},
	Publisher = {Springer Verlag},
	Title = {Multilingual Linguistic Resources and Interoperability, Special Issue of Linguistic Resources and Evaluation},
	Volume = {43},
	Year = {2009}}

@article{WHSS:LRE431,
	Abstract = {Abstract\&nbsp;\&nbsp;This article introduces the topic of ``Multilingual language resources and interoperability''. We start with a taxonomy and parameters for classifying language resources. Later we provide examples and issues of interoperatability, and resource architectures to solve such issues. Finally we discuss aspects of linguistic formalisms and interoperability.},
	Author = {Witt, Andreas and Heid, Ulrich and Sasaki, Felix and S{\'e}rasset, Gilles},
	Citeulike-Article-Id = {4219281},
	Date-Added = {2009-05-04 12:02:12 +0200},
	Date-Modified = {2009-05-04 12:02:12 +0200},
	Doi = {http://dx.doi.org/http://dx.doi.org/10.1007/s10579-009-9088-x},
	Journal = {Language Resources and Evaluation},
	Keywords = {author-import-09-03-25},
	Month = {March},
	Number = {1},
	Pages = {1-14},
	Posted-At = {2009-03-25 13:45:43},
	Priority = {0},
	Title = {Multilingual language resources and interoperability},
	Url = {http://dx.doi.org/http://dx.doi.org/10.1007/s10579-009-9088-x},
	Volume = {43},
	Year = {2009},
	Bdsk-Url-1 = {http://dx.doi.org/http://dx.doi.org/10.1007/s10579-009-9088-x}}

@inproceedings{serasset-brunetmanquat-chiocchetti:2006:COLACL,
	Address = {Sydney, Australia},
	Author = {S{\'e}rasset, Gilles and Brunet-Manquat, Francis and Chiocchetti, Elena},
	Booktitle = {Proceedings of the 21st International Conference on Computational Linguistics and 44th Annual Meeting of the Association for Computational Linguistics (COLING-ACL 2006)},
	Date-Added = {2009-05-04 11:57:48 +0200},
	Date-Modified = {2009-05-12 15:44:34 +0200},
	Month = {July},
	Pages = {937--944},
	Publisher = {Association for Computational Linguistics},
	Title = {Multilingual Legal Terminology on the Jibiki Platform: The LexALP Project},
	Url = {http://www.aclweb.org/anthology/P/P06/P06-1118},
	Year = {2006},
	Bdsk-Url-1 = {http://www.aclweb.org/anthology/P/P06/P06-1118}}

@article{maisonnasse:CLEF:2006,
	Author = {Maisonnasse, Lo{\"\i}c and S{\'e}rasset, Gilles and Chevallet, Jean-Pierre},
	Date-Added = {2009-05-04 11:56:27 +0200},
	Date-Modified = {2009-05-04 11:56:27 +0200},
	Journal = {Lecture Notes in Computer Science},
	Number = {2006},
	Pages = {69-78},
	Title = {Using the {X-IOTA} System in Mono- and Bilingual Experiments at CLEF 2005},
	Volume = {4022},
	Year = {2006}}

@inproceedings{GS05,
	Address = {Chiang Rai, Thailand},
	Author = {S{\'e}rasset, Gilles},
	Booktitle = {Proc. of Papillon 2005 Workshop},
	Citeulike-Article-Id = {4222477},
	Date-Added = {2009-05-04 11:52:45 +0200},
	Date-Modified = {2009-05-04 11:52:45 +0200},
	Editor = {Lafourcade, Mathieu},
	Keywords = {file-import-09-03-26},
	Pages = {64--73},
	Posted-At = {2009-03-26 15:36:17},
	Priority = {2},
	Title = {Multilingual Legal Terminology on the Jibiki Platform: The LexALP Project},
	Volume = {2},
	Year = {2005}}

@incollection{LRE-MLRI:2009,
	Date-Added = {2009-03-24 15:42:03 +0100},
	Date-Modified = {2009-03-25 14:33:57 +0100},
	Editor = {S\'erasset, Gilles and Witt, Andreas and Heid, Ulrich and Sasaki, Felix},
	Month = {March},
	Number = {1},
	Publisher = {Springer Verlag},
	Title = {Multilingual Language Resources and Interoperability, Special Issue of Language Resources and Evaluation},
	Volume = {43},
	Year = {2009}}

@techreport{ISO_704:2000,
	Author = {{ISO}},
	Date-Added = {2007-06-22 14:21:57 +0200},
	Date-Modified = {2007-06-22 14:43:34 +0200},
	Institution = {{International Organisation for Standardisation}},
	Title = {Terminology Work - Principles and Methods},
	Type = {{ISO} 704},
	Year = {2000}}

@inproceedings{Cortelazzo:1997,
	Address = {Rome},
	Author = {Cortelazzo, M.},
	Booktitle = {Proceedings of the conference `La lingua del diritto. Difficolt{\`a} traduttive. applicazioni didattiche'},
	Date-Added = {2007-06-22 14:17:48 +0200},
	Date-Modified = {2007-06-22 14:20:51 +0200},
	Editor = {L. Schena},
	Organization = {CISU},
	Pages = {35--50},
	Title = {Lingua e diritto in Italia: il punto di vista dei linguisti},
	Year = {1997}}

@article{maisonnasse:CLEF:LNCS,
	Author = {Maisonnasse, Lo{\"\i}c and S\'{e}rasset, Gilles and Chevallet, Jean-Pierre},
	Date-Added = {2007-04-17 17:51:38 +0200},
	Date-Modified = {2007-04-17 17:53:48 +0200},
	Journal = {Lecture Notes in Computer Science},
	Number = {2006},
	Pages = {69-78},
	Title = {Using the {X-IOTA} System in Mono- and Bilingual Experiments at CLEF 2005},
	Volume = {4022},
	Year = {2006}}

@article{submittedLRE2007,
	Author = {S\'{e}rasset, Gilles and Brunet-Manquat, Francis and Chiocchetti, Elena and Lyding, Verena},
	Date-Added = {2007-04-17 17:44:38 +0200},
	Date-Modified = {2007-04-17 17:47:45 +0200},
	Journal = {Language Resources and Evaluation},
	Month = {(review in progress)},
	Publisher = {Springer Verlag},
	Title = {Interoperability in Action for Multilingual Legal Terminology: The LexALP Project},
	Year = {2007}}

@mastersthesis{dea:mangeot:1997,
	Author = {Mangeot, Mathieu},
	Date-Added = {2007-04-17 16:27:25 +0200},
	Date-Modified = {2007-04-17 16:28:05 +0200},
	Month = {june 1997},
	School = {Universit{\'e} Joseph Fourier Grenoble I},
	Title = {Outils pour lexicographes na{\"\i}fs (en informatique)},
	Type = {{DEA}},
	Year = {1997}}

@mastersthesis{dea:maisonnasse:2004,
	Author = {Maisonnasse, Lo{\"\i}c},
	Date-Added = {2007-04-17 16:24:17 +0200},
	Date-Modified = {2007-04-17 16:25:45 +0200},
	Month = {june 2004},
	School = {Universit{\'e} Joseph Fourier Grenoble I},
	Title = {Une Etude Pr{\'e}liminaire {\`a} l'Utilisation d'UNL en Recherche d'Information},
	Type = {{DEA}},
	Year = {2004}}

@mastersthesis{m2r:archer:2005,
	Author = {Archer, Vincent},
	Date-Added = {2007-04-17 16:08:32 +0200},
	Date-Modified = {2007-04-17 16:11:10 +0200},
	Month = {21 june 2005},
	School = {Universit{\'e} Joseph Fourier Grenoble I},
	Title = {Acquisition semi-automatis{\'e}e de fonctions lexicales {\`a} partir de corpus monolingues et multilingues comparables},
	Type = {{Master 2 Recherche}},
	Year = {2005}}

@inproceedings{Brunet-Manquat:2006fk,
	Address = {Louvain-la-Neuve},
	Author = {Brunet-Manquat, Francis and S{\'e}rasset, Gilles},
	Booktitle = {TALN06: Actes de la 13e conf{\'e}rence sur le traitement automatique du langage},
	Date-Added = {2006-10-30 16:16:14 +0100},
	Date-Modified = {2006-10-30 16:29:00 +0100},
	Editor = {Mertens, P. and Fairon, C. and Dister, A. and Watrin, P.},
	Month = {April},
	Pages = {435-444},
	Publisher = {Presses universitaires de Louvain},
	Title = {Cr{\'e}ation d'une base terminologique juridique multilingue {\`a} l'aide de la plateforme g{\'e}n{\'e}rique Jibiki : le projet {LexALP}},
	Year = {2006}}

@book{Vossen:1998,
	Date-Added = {2006-10-05 13:26:25 +0200},
	Date-Modified = {2006-10-05 13:46:50 +0200},
	Editor = {Piek Vossen},
	Publisher = {Kluwer Academic Publishers},
	Title = {EuroWordNet: A Multilingual Database with Lexical Semantic Networks},
	Year = {1998}}

@inproceedings{edriccl:96,
	Address = {Copenhagen, Denmark},
	Author = {Miyoshi, Hideo and Sugiyama, Kenji and Kobayashi, Masahiro and Ogino, Takano},
	Booktitle = {COLING 96 -- Proceedings of the 16th conference on Computational linguistics},
	Date-Added = {2006-10-05 11:44:10 +0200},
	Date-Modified = {2006-10-05 13:15:22 +0200},
	Pages = {1090--1093},
	Publisher = {Association for Computational Linguistics},
	Title = {An overview of the {EDR} electronic dictionary and the current status of its utilization},
	Volume = {2},
	Year = {1996}}

@techreport{edr20:nict,
	Author = {EDR},
	Date-Added = {2006-10-05 11:32:33 +0200},
	Date-Modified = {2006-10-05 13:49:49 +0200},
	Institution = {National Institute of Information and Communications Technology (NICT)},
	Title = {{EDR} Electronic Dictionary -- Version 2.0},
	Type = {Technical Guide},
	Url = {http://www2.nict.go.jp/r/r312/EDR/index.html},
	Urldate = {October 2006},
	Year = {2002},
	Bdsk-Url-1 = {http://www2.nict.go.jp/r/r312/EDR/index.html}}

@book{UNLSpec33,
	Author = {{UNL Center}},
	Date-Added = {2006-02-28 10:25:16 +0100},
	Date-Modified = {2006-02-28 10:26:12 +0100},
	Month = {December},
	Publisher = {UNDL Fondation},
	Title = {The Universal Networking Language (UNL) specifications Version 3 Edition 3},
	Url = {http://www.unlc.undl.org/unlsys/unl/UNLSpecs33.pdf},
	Year = {2004},
	Bdsk-Url-1 = {http://www.unlc.undl.org/unlsys/unl/UNLSpecs33.pdf}}

@inproceedings{Arntz:1993,
	Author = {Arntz, Reiner},
	Booktitle = {Terminology. Applications in Interdisciplinary Communication},
	Date-Added = {2005-11-06 13:40:22 +0100},
	Date-Modified = {2005-11-06 13:49:06 +0100},
	Editor = {Sonneveld, H. and Loening, K.},
	Journal = {Terminology. Applications in Interdisciplinary Communication},
	Keywords = {terminologie},
	Pages = {5--19},
	Publisher = {Amsterdam et Philadelphia, John Benjamins Publishing Company},
	Title = {Terminological Equivalence and Translation},
	Year = {1993}}

@article{Wuerster:1971,
	Author = {W{\"u}rster, E.},
	Date-Added = {2005-11-06 13:30:10 +0100},
	Date-Modified = {2005-11-06 13:39:09 +0100},
	Journal = {Nachrichten f{\"u}r Dokumentation},
	Keywords = {terminologie},
	Number = {3},
	Pages = {98-104},
	Title = {Begriffs- und Themaklassifikationen. Unterschiede in ihrem Wesen und ihrer Anwendung},
	Volume = {22},
	Year = {1971}}

@article{Felber:1994,
	Author = {Felber, Helmut},
	Date-Added = {2005-11-06 13:27:44 +0100},
	Date-Modified = {2005-11-06 13:50:02 +0100},
	Journal = {ALFA},
	Keywords = {terminologie},
	Number = {7},
	Pages = {163--172},
	Title = {Terminology Research: Its Relation to the Theory of Science},
	Volume = {8},
	Year = {1994}}

@manual{Felber:1987,
	Address = {Paris},
	Author = {Felber, Helmut},
	Date-Added = {2005-11-06 13:26:16 +0100},
	Date-Modified = {2005-11-06 13:50:10 +0100},
	Keywords = {terminologie},
	Organization = {UNESCO},
	Title = {Manuel de terminologie},
	Year = {1987}}

@article{Streiter-Voltmer-Ties-Ralli-Lyding:2005,
	Author = {Streiter, Oliver and Voltmer, Leonhard and Ties,Isabella and Ralli, Natascia and Lyding, Verena},
	Date-Added = {2005-09-21 14:45:00 +0200},
	Date-Modified = {2005-09-21 14:47:48 +0200},
	Journal = {Terminology Science and Research},
	Title = {{BISTRO}: Data Structure, Term Tools and Interface},
	Volume = {16},
	Year = {2006}}

@incollection{Streiter-Voltmer-Ties-Ralli:2004,
	Author = {Streiter, Oliver and Voltmer, Leonhard and Ties,Isabella and Ralli, Natascia},
	Booktitle = {The translation of domain specific languages and multilingual terminology},
	Date-Added = {2005-09-21 14:36:16 +0200},
	Date-Modified = {2005-09-21 14:42:04 +0200},
	Number = {3},
	Publisher = {Hoger Instituut voor Vertalers en Tolken, Hogeschool Antwerpen},
	Series = {Linguistica Antverpiensia New Series},
	Title = {{BISTRO}, the online platform for terminology management: structuring terminology without entry structures},
	Year = {2004}}

@book{serasset:mlr:04,
	Address = {Geneva, Switzerland},
	Editor = {S{\'e}rasset, Gilles and Armstrong, Susan and Boitet, Christian and Popescu-Belis, Andrei and Tufis, Dan},
	Month = {28 August},
	Pages = {125},
	Publisher = {COLING},
	Title = {{Proceedings of the COLING 2004 Post Conference Workshop on Multilingual Linguistic Ressources MLR2004}},
	Url = {http://clips.imag.fr/geta/gilles.serasset/mlr2004.pdf},
	Year = {2004},
	Bdsk-Url-1 = {http://clips.imag.fr/geta/gilles.serasset/mlr2004.pdf}}

@inproceedings{GaschlerLafourcade94,
	Address = {Kyoto, Japan},
	Author = {Gaschler, Jean and Lafourcade, Mathieu},
	Booktitle = {COLING'94},
	Editor = {Makoto Nagao and ICCL},
	Month = {August 5-9},
	Pages = {283--286},
	Title = {Manipulating human-oriented dictionaries with very simple tools},
	Year = {1994}}

@inbook{Boisson:96,
	Author = {Boisson, Claude},
	Chapter = {1},
	Date-Added = {2005-02-02 15:45:47 +0100},
	Date-Modified = {2005-02-02 17:11:17 +0100},
	Edition = {Universit{\'e}s Francophones - Duculot},
	Editor = {B{\'e}joint, Henri and Thoiron, Philippe},
	Pages = {17--30},
	Publisher = {Aupelf-Uref},
	Series = {Les dictionnaires bilingues},
	Title = {L'antiquit{\'e} et la vari{\'e}t{\'e} des dictionnaires bilingues},
	Year = {1996}}

@incollection{Chevallet-Serasset:03,
	Author = {S{\'e}rasset, Gilles and Chevallet, Jean-Pierre},
	Booktitle = {Comparative Evaluation of Multilingual Information Access Systems: 4th Workshop of the Cross-Language Evaluation Forum, CLEF 2003, Trondheim, Norway, August 21-22, 2003},
	Date-Modified = {2004-12-21 09:40:43 +0100},
	Editor = {Peters, Carol and Gonzalo, Julio and Braschler, Martin and Kluck, Michael},
	Pages = {242-252},
	Publisher = {Springer Verlag},
	Series = {LNCS},
	Title = {{Simple Translations of Monolingual Queries Expanded Through an Association Thesaurus. X-IOTA IR System used for CLIPS Bilingual Experiment}},
	Volume = {3237/2004},
	Year = {2003}}

@book{BejointThoiron96,
	Author = {B{\'e}joint, Henri and Thoiron, Philippe},
	Date-Added = {2005-02-02 17:17:07 +0100},
	Date-Modified = {2005-02-02 17:18:37 +0100},
	Edition = {Duculot},
	Publisher = {Aupelf-Uref},
	Title = {Les dictionnaires bilingues},
	Year = {1996}}

@book{ALLDECs,
	Address = {Montr{\'e}al(Quebec), Canada},
	Author = {Mel'\v{c}uk, Igor and Arbatchewsky-Jumarie, Nadia and Dagenais, Louise and Eltnisky, L{\'e}o and Iordanskaja, Lidija and Lefebvre, Marie-No{\"e}lle and Lessard, Ad{\`e}le and Polgu{\`e}re, Alain and Mantha, Suzanne},
	Publisher = {Presses de l'Universit{\'e} de Montr{\'e}al},
	Title = {Dictionnaire Explicatif et Combinatoire du fran\c{c}ais contemporain, recherches lexico-s{\'e}mantiques, volumes I, II, III et IV},
	Year = {1984, 1989, 1995, 1996}}

@inproceedings{lafourcade97,
	Address = {Meisei University, Ohme, Tokyo, Japan},
	Author = {Lafourcade, Mathieu},
	Booktitle = {PACLING'97},
	Date-Added = {2005-02-03 13:41:25 +0100},
	Date-Modified = {2005-02-03 13:43:05 +0100},
	Month = {September 2-5},
	Pages = {173--181},
	Title = {Multilingual Dictionary Construction and Services - Case Study with the Fe* Projects},
	Year = {1997}}

@inproceedings{lafourcadeRivepiboon97,
	Address = {Chulalongkorn University, Bangkok, Thailand},
	Author = {Lafourcade, Mathieu and Rivepiboon, Wanchai},
	Booktitle = {International Workshop on Human and Computer Processing of Language and Speech},
	Date-Added = {2005-02-03 13:43:37 +0100},
	Date-Modified = {2005-02-03 13:45:49 +0100},
	Month = {December 8-12},
	Pages = {272-288},
	Title = {Issues in the French-English-Thai Dictionary Project},
	Year = {1997}}

@inproceedings{EBGSWJT02,
	Address = {Las Palmas, Islas Canarias, Spain},
	Author = {Blanc, Etienne and S{\'e}rasset, Gilles and Tsai, Wang Ju},
	Booktitle = {LREC First International Workshop on UNL, other Interlinguas and their Applications},
	Date-Modified = {2005-03-21 17:01:43 +0100},
	Month = {May},
	Pages = {14-18},
	Title = {Structural and Lexical Transfer from an UNL Graph to an Equivalent Natural Language Dependency Tree},
	Year = {2002}}

@incollection{lafourcade98,
	Author = {Lafourcade, Mathieu},
	Booktitle = {Strat{\'e}gies informationnelles et valorisation de la recherche scientifique publique},
	Date-Added = {2005-02-03 13:46:37 +0100},
	Date-Modified = {2005-02-03 13:48:48 +0100},
	Editor = {F. Renzetti},
	Publisher = {ADBS},
	Title = {Probl{\'e}matique de la construction et de la distribution de dictionnaires n-lingues : exemples du projet de dictionnaire Fran{\c c}ais-anglais-malais-tha{\"\i} et de l'outil ALEX},
	Year = {1998}}

@inproceedings{PaikBond:03,
	Address = {Sapporo, Japan},
	Author = {Paik, Kyonghee and Bond, Francis},
	Booktitle = {Papillon 2003 Workshop on Multilingual Lexical Databases},
	Month = {3-5 July},
	Title = {{Enhancing an English/Korean Dictionary}},
	Url = {http://www.papillon-dictionary.org/ConsultInformations.po?docid=3077681},
	Year = {2003},
	Bdsk-Url-1 = {http://www.papillon-dictionary.org/ConsultInformations.po?docid=3077681}}

@incollection{Serasset-Chevallet:04,
	Author = {Chevallet, Jean-Pierre and S{\'e}rasset, Gilles},
	Booktitle = {Multilingual Information Access for Text, Speech and Images: 5th Workshop of the Cross-Language Evaluation Forum, CLEF 2004, Bath, UK, September 15-17, 2004, Revised Selected Papers},
	Date-Modified = {2005-09-06 17:33:15 +0200},
	Editor = {Peters, Carol and Clough, Paul and Gonzalo, Julio and Jones, Gareth J.F. and Kluck, Michael and Magnini, Bernardo},
	Pages = {38-49},
	Publisher = {Springer Verlag},
	Series = {LNCS},
	Title = {{Using Surface-Syntactic Parser and Deviation from Randomness. X-IOTA IR System Used for CLIPS Mono and Bilingual Experiments for CLEF 2004}},
	Volume = {3491/2005},
	Year = {2005}}

@manual{RichterDing:99,
	Author = {Richter, Franck},
	Organization = {http://www-user.tu-chemnitz.de/{\textasciitilde}fri/ding/},
	Title = {Ding: a Dictionary Lookup Program},
	Year = {1999}}

@inproceedings{Serasset:97c,
	Address = {Grenoble},
	Author = {S{\'e}rasset, Gilles},
	Booktitle = {TALN'97},
	Pages = {194-198},
	Title = {Informatisation du dictionnaire Explicatif et Combinatoire},
	Volume = {1},
	Year = {1997}}

@inproceedings{teeraparbseree:2004:COLING,
	Address = {Geneva, Switzerland},
	Author = {Teeraparbseree, Aree},
	Booktitle = {COLING 2004 Multilingual Linguistic Resources},
	Editor = {Gilles S{\'e}rasset},
	Month = {August 28},
	Pages = {17--24},
	Publisher = {COLING},
	Title = {Qualitative Evaluation of Automatically Calculated Acception Based MLDB},
	Year = {2004}}

@inproceedings{serasset:2004:COLING,
	Address = {Geneva, Switzerland},
	Author = {S{\'e}rasset, Gilles},
	Booktitle = {COLING 2004 Multilingual Linguistic Resources},
	Date-Modified = {2005-04-13 11:10:03 +0200},
	Editor = {Gilles S\'{e}rasset},
	Month = {August 28},
	Pages = {73--79},
	Publisher = {COLING},
	Title = {A Generic Collaborative Platform for Multilingual Lexical Database Development},
	Year = {2004}}

@inproceedings{Breen:2004,
	Address = {Geneva, Switzerland},
	Author = {Breen, Jim W.},
	Booktitle = {post COLING Wokshop on Multilingual Linguistic Resources},
	Editor = {S{\'e}rasset, Gilles and Armstrong, Susan and Boitet, Christian and Pospescu-Belis, Andrei and Tufis, Dan},
	Month = {28th august},
	Publisher = {International Committee on Computational Linguistics},
	Title = {{JMdict: a Japanese-Multilingual Dictionary}},
	Year = {2004}}

@inproceedings{Teeraparbseree:03:PAPILLON,
	Address = {Sapporo, Japan},
	Author = {Aree Teeraparseree},
	Booktitle = {Papillon 2003 Workshop on Multilingual Lexical Databases},
	Month = {3-5 July},
	Title = {Jeminie: A Flexible System for the Automatic Creation of Interlingual Databases},
	Url = {http://www.papillon-dictionary.org/info_media/3077655.pdf},
	Year = {2003},
	Bdsk-Url-1 = {http://www.papillon-dictionary.org/info_media/3077655.pdf}}

@inproceedings{BreenKanji04,
	Address = {Geneva, Switzerland},
	Author = {Breen, Jim W.},
	Booktitle = {post COLING workshop on Enhancing and Using Electronic Dictionaries},
	Editor = {Zock, Michael and St Dizier, Patrick},
	Month = {29th august},
	Publisher = {International Committee on Computational Linguistics},
	Title = {{Multiple Indexing in an Electronic Kanji Dictionary}},
	Year = {2004}}

@unpublished{TRSerasset:04,
	Address = {Grenoble},
	Author = {Gilles S{\'e}rasset},
	Date-Modified = {2008-11-24 10:59:54 +0100},
	Institution = {CLIPS-IMAG},
	Month = {Jan.},
	Title = {Papillon : Construction collaborative d'une base lexicale multilingue Franco-Asiatique, Proposition de projet {\`a} l'appel {STIC-Asie} de janvier 2004},
	Type = {Technical Report},
	Year = {2004},
	Bdsk-File-1 = {YnBsaXN0MDDUAQIDBAUIJidUJHRvcFgkb2JqZWN0c1gkdmVyc2lvblkkYXJjaGl2ZXLRBgdUcm9vdIABqAkKFRYXGyIjVSRudWxs0wsMDQ4RFFpOUy5vYmplY3RzV05TLmtleXNWJGNsYXNzog8QgASABqISE4ACgAOAB1lhbGlhc0RhdGFccmVsYXRpdmVQYXRo0hgNGRpXTlMuZGF0YU8RAioAAAAAAioAAgAABWxhcGFuAAAAAAAAAAAAAAAAAAAAAAAAAAAAAMnnm0RIKwAAABYlQRRQcm9wYWwtU1RJQy1Bc2llLnBkZgAAAAAAAAAAAAAAAAAAAAAAAAAAAAAAAAAAAAAAAAAAAAAAAAAAAAAAAAAAFiVJwrhcJQAAAAAAAAAAAAEABQAACSAAAAAAAAAAAAAAAAAAAAAQUHJvcGFsLW9yaWdpbmFsZQAQAAgAAMnnfyQAAAARAAgAAMK4QAUAAAABACAAFiVBABYlMwAWJSIAFh+HABNGUwASxX8ACHyvAACYoAACAH5sYXBhbjpVc2VyczoAc2VyYXNzZXQ6AEdTOgBFbl9jb3VyczoAUGFwaWxsb246AFByb3BhbHM6AFNUSUMtQXNpZSAtIEFwcGVsIEphbnZpZXIgMjAwNDoAUHJvcGFsLW9yaWdpbmFsZToAUHJvcGFsLVNUSUMtQXNpZS5wZGYADgAqABQAUAByAG8AcABhAGwALQBTAFQASQBDAC0AQQBzAGkAZQAuAHAAZABmAA8ADAAFAGwAYQBwAGEAbgASAHBVc2Vycy9zZXJhc3NldC9HUy9Fbl9jb3Vycy9QYXBpbGxvbi9Qcm9wYWxzL1NUSUMtQXNpZSAtIEFwcGVsIEphbnZpZXIgMjAwNC9Qcm9wYWwtb3JpZ2luYWxlL1Byb3BhbC1TVElDLUFzaWUucGRmABMAAS8AABUAAgAP//8AAIAF0hwdHh9YJGNsYXNzZXNaJGNsYXNzbmFtZaMfICFdTlNNdXRhYmxlRGF0YVZOU0RhdGFYTlNPYmplY3RfEFguLi9QYXBpbGxvbi9Qcm9wYWxzL1NUSUMtQXNpZSAtIEFwcGVsIEphbnZpZXIgMjAwNC9Qcm9wYWwtb3JpZ2luYWxlL1Byb3BhbC1TVElDLUFzaWUucGRm0hwdJCWiJSFcTlNEaWN0aW9uYXJ5EgABhqBfEA9OU0tleWVkQXJjaGl2ZXIACAARABYAHwAoADIANQA6ADwARQBLAFIAXQBlAGwAbwBxAHMAdgB4AHoAfACGAJMAmACgAs4C0ALVAt4C6QLtAvsDAgMLA2YDawNuA3sDgAAAAAAAAAIBAAAAAAAAACgAAAAAAAAAAAAAAAAAAAOS}}

@manual{DucVietDict,
	Author = {Duc, Ho Ngoc},
	Organization = {http://www.informatik.uni-leipzig.de/{\textasciitilde}duc/Dict/},
	Title = {Vietnamese French Online Dictionary},
	Year = {1998}}

@incollection{serasset03unl,
	Author = {S{\'e}rasset, Gilles and Blanc, {\'E}tienne},
	Booktitle = {Universal Networking Language, Advances in Theory and applications},
	Date-Modified = {2005-03-21 17:05:44 +0100},
	Editor = {Carde{\~n}osa, Jesus and Gelbukh, Alexander and Tovar, Edmundo},
	Pages = {117-124},
	Series = {Research on Computing Science},
	Title = {Remaining Issues that could Prevent {UNL} to be Accepted as a Standard},
	Url = {http://www-clips.imag.fr/geta/gilles.serasset/convergences03-serasset.pdf},
	Volume = {12},
	Year = {2005},
	Bdsk-Url-1 = {http://www-clips.imag.fr/geta/gilles.serasset/convergences03-serasset.pdf}}

@incollection{CalvaryCoutazThevenin:2001,
	Address = {Toronto, Canada},
	Author = {Calvary, Ga{\"e}lle and Coutaz, Jo{\"e}lle and Thevenin, David},
	Booktitle = {Engineering for Human-Computer Interaction: 8th IFIP International Conference, EHCI 2001},
	Editor = {Reed Little, M. and Nigay, L.},
	Month = {May},
	Pages = {173},
	Publisher = {Springer-Verlag Heidelberg},
	Series = {Lecture Notes in Computer Science},
	Title = {A Unifying Reference Framework for the Development of Plastic User Interfaces},
	Volume = {2254 / 2001},
	Year = {2001}}

@inproceedings{Apel:2002,
	Address = {NII, Tokyo, Japan},
	Author = {Apel, Ulrich},
	Booktitle = {Papillon 2002 Workshop on Multilingual Lexical Databases},
	Month = {6-18 July},
	Title = {{WaDokuJT - A Japanese-German Dictionary Database}},
	Url = {http://www.papillon-dictionary.org/info_media/1620696.pdf},
	Year = {2004},
	Bdsk-Url-1 = {http://www.papillon-dictionary.org/info_media/1620696.pdf}}

@techreport{Serasset:97d,
	Author = {S{\'e}rasset, Gilles and Mel'\v{c}uk, Igor},
	Institution = {GETA-CLIPS, IMAG},
	Month = {d{\'e}cembre 1997},
	Note = {23 p.},
	Title = {Rapport final de la coop{\'e}ration France-Qu{\'e}bec en ing{\'e}nierie linguistique et de la connaissance DECID : dictionnaire explicatif et combinatoire informatis{\'e}},
	Type = {Rapport final de contrat},
	Year = {1997}}

@inproceedings{Serasset:97b,
	Address = {Montr{\'e}al},
	Author = {S{\'e}rasset, Gilles and Polgu{\`e}re, Alain},
	Booktitle = {RIAO'97},
	Pages = {701-708},
	Title = {Outils pour lexicographes : application {\`a} la lexicographie explicative et combinatoire},
	Volume = {2},
	Year = {1997}}

@inproceedings{Serasset:97a,
	Address = {Tunis},
	Author = {S{\'e}rasset, Gilles},
	Booktitle = {La m{\'e}moire des mots, 5{\`e}me journ{\'e}es scientifiques du r{\'e}seau LTT, AUPELF-UREF},
	Month = {Septembre},
	Pages = {149-160},
	Publisher = {Actualit{\'e} scientifique, AUPELF-UREF},
	Title = {Le projet NADIA-DEC : vers un dictionnaire explicatif et combinatoire informatis{\'e} ?},
	Volume = {1},
	Year = {1997}}

@inproceedings{Serasset:02,
	Address = {National Institute of Informatics, Tokyo},
	Author = {Gilles S{\'e}rasset},
	Booktitle = {Papillon 2002 Seminar},
	Month = {16-18 July},
	Pages = {7},
	Title = {Current Status of the Papillon Server Development},
	Year = {2002}}

@inproceedings{CBMMLGS:02,
	Address = {Taipei, Taiwan},
	Author = {Boitet, Christian and Mangeot, Mathieu and S{\'e}rasset, Gilles},
	Booktitle = {Proc. of the 2nd Workshop NLPXML 2002, Post COLING 2002 Workshop},
	Date-Modified = {2005-11-07 09:27:46 +0100},
	Editor = {Wilcock, Graham and Ide, Nancy and Romary, Laurent},
	Month = {1 September},
	Pages = {93-96},
	Title = {The PAPILLON project: cooperatively building a multilingual lexical data-base to derive open source dictionaries and lexicons},
	Year = {2002}}

@inproceedings{MMLGS:02,
	Address = {Taipei, Taiwan},
	Author = {Mangeot, Mathieu and S{\'e}rasset, Gilles},
	Booktitle = {Proc. of SEMANET Workshop, Post COLING 2002 Workshop},
	Date-Modified = {2005-11-07 09:27:35 +0100},
	Editor = {Ngai, Grace and Fung, Pascale and Church, Kenneth W.},
	Month = {31 August},
	Pages = {9-15},
	Title = {Frameworks, Implementation and Open Problems for the Collaborative Building of a Multilingual Lexical Database},
	Year = {2002}}

@inproceedings{MMLGS:01,
	Address = {National Olympic Memorial Youth Center, Tokyo},
	Author = {Mangeot, Mathieu and S{\'e}rasset, Gilles},
	Booktitle = {JST-2001 Journ{\'e}es Science et Technologie},
	Date-Modified = {2005-11-07 09:28:03 +0100},
	Month = {19-20 d{\'e}cembre},
	Pages = {149-150},
	Title = {Projet Papillon : architecture du serveur Web et structure des articles},
	Year = {2001}}

@inproceedings{Serasset:01a,
	Address = {Tokyo},
	Author = {S{\'e}rasset, Gilles and Mangeot, Mathieu},
	Booktitle = {NLPRS-2001},
	Date-Modified = {2005-11-07 09:28:10 +0100},
	Month = {27-30 November},
	Pages = {119-125},
	Title = {Papillon Lexical Database Project: Monolingual Dictionaries and Interlingual Links},
	Year = {2001}}

@techreport{GS98a,
	Author = {S{\'e}rasset, Gilles},
	Institution = {GETA-CLIPS-IMAG},
	Month = {d{\'e}cembre},
	Title = {Rapports d'avancements mensuels du projet UNL, ann{\'e}e 1998},
	Year = {1998}}

@techreport{Serasset:00c,
	Author = {S{\'e}rasset, Gilles},
	Institution = {GETA-CLIPS-IMAG},
	Month = {f{\'e}vrier},
	Title = {Conventions de codage en C pour le projet ARIANE-Y},
	Type = {Rapport technique},
	Year = {2000}}

@techreport{Serasset:00,
	Author = {S{\'e}rasset, Gilles},
	Institution = {GETA-CLIPS-IMAG},
	Month = {f{\'e}vrier},
	Title = {Manuel du d{\'e}veloppeur ARIANE-Y},
	Type = {Rapport technique},
	Year = {2000}}

@inproceedings{Serasset:00a,
	Address = {Saarbr{\"u}cken},
	Author = {S{\'e}rasset, Gilles and Boitet, Christian},
	Booktitle = {COLING-2000},
	Editor = {Uszkoreit, Hans},
	Month = {31 juillet-3 Ao{\^u}t},
	Pages = {768-774},
	Publisher = {ACL},
	Title = {On UNL as the future ``html of the linguistic content'' and the reuse of existing NLP components in UNL-related applications with the example of a UNL-French deconverter},
	Year = {2000}}

@techreport{GS00d,
	Author = {S{\'e}rasset, Gilles},
	Institution = {GETA-CLIPS-IMAG},
	Month = {f{\'e}vrier},
	Title = {Improving the deconversion server: robust implementation of the deconversion server under a Unix like system},
	Type = {Rapport technique},
	Year = {2000}}

@inproceedings{GS99c,
	Address = {Singapore},
	Author = {S{\'e}rasset, Gilles and Boitet, Christian},
	Booktitle = {MT Summit VII},
	Editor = {Tsujii, Jun-Ichi},
	Month = {13-17 September},
	Pages = {220-228},
	Publisher = {Asia Pacific Ass. for MT},
	Title = {UNL-French deconversion as transfer and generation from an interlingua with possible quality enhancement through offline human interaction},
	Year = {1999}}

@techreport{GS99a,
	Author = {S{\'e}rasset, Gilles},
	Institution = {GETA-CLIPS-IMAG},
	Month = {f{\'e}vrier},
	Title = {Improving Lexical Transfer in UNL French Deconverter},
	Type = {Rapport technique},
	Year = {1999}}

@techreport{GS99b,
	Author = {S{\'e}rasset, Gilles},
	Institution = {GETA-CLIPS-IMAG},
	Month = {f{\'e}vrier},
	Title = {UNL-FR, report of the French team, year 1998, Contract A},
	Type = {Rapport de contrat},
	Year = {1999}}

@inproceedings{GS98b,
	Address = {Moncton},
	Author = {S{\'e}rasset, Gilles and Mangeot, Mathieu},
	Booktitle = {Natural Language Processing and Industrial Applications},
	Pages = {110-116},
	Title = {L'{\'e}dition lexicographique dans un syst{\`e}me g{\'e}n{\'e}rique de gestion de bases lexicales multilingues},
	Volume = {1},
	Year = {1998}}

@techreport{GS98c,
	Author = {S{\'e}rasset, Gilles},
	Institution = {GETA-CLIPS-IMAG},
	Month = {january},
	Title = {DECID : Dictionnaire Explicatif et Combinatoire Informatis{\'e}},
	Type = {Rapport final de projet de coop{\'e}ration Franco Qu{\'e}becoise en ing{\'e}nierie linguistique et de la connaissance},
	Year = {1998}}

@techreport{Serasset:00b,
	Author = {S{\'e}rasset, Gilles},
	Institution = {GETA-CLIPS-IMAG},
	Month = {d{\'e}cembre},
	Title = {Report on UNL-FR project, year 1998, contract B (signed in july 2000)},
	Type = {Rapport final de contrat},
	Year = {2000}}

@techreport{Serasset:96d,
	Author = {S{\'e}rasset, Gilles},
	Institution = {GETA-CLIPS, IMAG},
	Month = {december},
	Note = {6 p.},
	Title = {DECID : Dictionnaire explicatif et combinatoire informatis{\'e}, note r{\'e}capitulative de fin de premi{\`e}re ann{\'e}e},
	Type = {Rapport interm{\'e}diaire de contrat},
	Year = {1996}}

@phdthesis{Serasset:91b,
	Author = {S{\'e}rasset, Gilles},
	School = {Universit{\'e} Joseph Fourier et Institut National Polytechnique de Grenoble},
	Title = {NADIA une Nouvelle Approche : les Dictionnaires Interlingues par Acceptions},
	Type = {Rapport de DEA d'informatique},
	Year = {1991}}

@techreport{Serasset:91c,
	Author = {S{\'e}rasset, Gilles},
	Institution = {GETA-IMAG},
	Month = {avril},
	Title = {Psi termes et traitement des langues naturelles},
	Type = {Rapport de DEA/TALN},
	Year = {1991}}

@techreport{Serasset:91a,
	Author = {S{\'e}rasset, Gilles},
	Institution = {Multilex ESPRIT project},
	Month = {November},
	Title = {Psi-termes et dictionnaires},
	Type = {Technical report},
	Year = {1991}}

@inproceedings{GS92b,
	Address = {Toulouse},
	Author = {S{\'e}rasset, Gilles},
	Booktitle = {S{\'e}minaire Lexique des p{\^o}les langage naturel et parole du GDR PRC CHM},
	Month = {janvier},
	Pages = {35-45},
	Title = {Psi-termes et dictionnaires},
	Volume = {1},
	Year = {1992}}

@misc{Lafourcade:92,
	Abstract = {String functions strongly inspired by the REXX functions. The parse function of REXX is included.},
	Author = {Lafourcade, Mathieu and S{\'e}rasset, Gilles},
	Edition = {logiciel libre pour Macintosh Common Lisp},
	Keywords = {Strings manager, parser, REXX},
	Organization = {GETA},
	Title = {Geta-Strings: Logiciel libre Macintosh Common Lisp},
	Year = {1992}}

@techreport{Serasset:92a,
	Author = {S{\'e}rasset, Gilles and Boitet, Christian},
	Institution = {Multilex ESPRIT project},
	Month = {January},
	Title = {General Tools Definition GETA's contribution},
	Type = {Technical report},
	Year = {1992}}

@techreport{Serasset:92b,
	Author = {S{\'e}rasset, Gilles},
	Institution = {Multilex ESPRIT project},
	Month = {May},
	Title = {Defining a Database: An example},
	Type = {Technical report},
	Year = {1992}}

@techreport{Serasset:92c,
	Author = {S{\'e}rasset, Gilles},
	Institution = {Multilex ESPRIT project},
	Month = {May},
	Title = {Defining a database: The language},
	Type = {Technical report},
	Year = {1992}}

@misc{Lafourcade:93b,
	Author = {Lafourcade, Mathieu and S{\'e}rasset, Gilles},
	Edition = {Logiciel libre Macintosh Common Lisp},
	Keywords = {Class Browser, CLOS, Geta-Grapher},
	Organization = {GETA-IMAG},
	Title = {DOP (Dictionary Object Protocol): Logiciel libre Macintosh Common Lisp},
	Year = {1993}}

@misc{Lafourcade:93a,
	Author = {Lafourcade, Mathieu and S{\'e}rasset, Gilles},
	Keywords = {graph, grapher, extensible protocol for grapher},
	Organization = {GETA-IMAG},
	Title = {Geta-Grapher: Logiciel libre Macintosh Common Lisp},
	Year = {1993}}

@misc{Serasset:93c,
	Author = {S{\'e}rasset, Gilles},
	Organization = {GETA-IMAG},
	Title = {Iconic items: Logiciel libre Macintosh Common Lisp},
	Year = {1993}}

@inproceedings{Serasset:93a,
	Author = {S{\'e}rasset, Gilles and Blanc, Etienne},
	Booktitle = {T-TA-TAO 93},
	Editor = {Clas, Andr{\'e}},
	Month = {30 September to 2 October},
	Pages = {65-84},
	Publisher = {Actualit{\'e} scientifique, AUPELF-UREF},
	Title = {Une approche par acceptions pour les bases lexicales multilingues},
	Year = {1993}}

@misc{Serasset:93b,
	Author = {S{\'e}rasset, Gilles},
	Edition = {Logiciel libre Macintosh Common Lisp},
	Organization = {GETA-IMAG},
	Title = {Defunit Interface: Logiciel libre Macintosh Common Lisp},
	Year = {1993}}

@techreport{Blanc:94,
	Author = {Blanc, Etienne and S{\'e}rasset, Gilles and Tch{\'e}ou, Francois},
	Institution = {GETA, IMAG (UJF \& CNRS)},
	Month = {August},
	Title = {Designing an Acception-Based Multilingual Lexical Data Base under HyperCard: PARAX},
	Type = {Research Report},
	Year = {1994}}

@inproceedings{Serasset:94c,
	Author = {S{\'e}rasset, Gilles},
	Booktitle = {TALN-94 : Le traitement automatique du langage naturel en France aujourd'hui},
	Editor = {Blache, Philippe},
	Month = {7 to 8 April},
	Pages = {109-118},
	Title = {Approche oecum{\'e}nique au probl{\`e}me du codage des structures linguistiques},
	Volume = {1},
	Year = {1994}}

@article{Serasset:94f,
	Author = {S{\'e}rasset, Gilles},
	Journal = {Turjuman},
	Number = {1},
	Pages = {41-56},
	Title = {Peut-on coder un dictionnaire avec des psi-termes},
	Volume = {3},
	Year = {1994}}

@phdthesis{Serasset:94g,
	Author = {S{\'e}rasset, Gilles},
	Month = {D{\'e}cembre},
	School = {Universit{\'e} Joseph Fourier-Grenoble 1},
	Title = {Sublim : un syst{\`e}me universel de bases lexicales multilingues et Nadia : sa sp{\'e}cialisation aux bases lexicales interlingues par acceptions},
	Type = {Th{\`e}se nouveau doctorat},
	Year = {1994}}

@inproceedings{Serasset:96c,
	Address = {Grenoble},
	Author = {S{\'e}rasset, Gilles},
	Booktitle = {Journ{\'e}es lexique du PRC-CHM},
	Pages = {131-138},
	Title = {Un {\'e}diteur pour le dictionnaire explicatif et combinatoire du fran\c{c}ais contemporain},
	Year = {1996}}

@techreport{Serasset:96a,
	Author = {S{\'e}rasset, Gilles},
	Institution = {GETA-CLIPS-IMAG},
	Title = {Rapport d'avancement du projet NADIA-DEC, ann{\'e}e 1996},
	Type = {Rapport interm{\'e}diaire de contrat},
	Year = {1996}}

@techreport{Serasset:90,
	Author = {S{\'e}rasset, Gilles and Tollet, Marie Francoise},
	Institution = {B'VITAL (Grenoble)},
	Title = {RECUPLEX : r{\'e}cup{\'e}ration des dictionnaires d'applications de B'VITAL, sp{\'e}cification et analyse},
	Type = {document interne B'VITAL},
	Year = {1990}}

@article{Lafourcade:96,
	Author = {Lafourcade, Mathieu and S{\'e}rasset, Gilles},
	Journal = {MacTech Magazine},
	Number = {7},
	Pages = {25-32},
	Title = {Apple Technology Integration, a Web dictionary server as a practical example},
	Volume = {12},
	Year = {1996}}

@techreport{Serasset:96b,
	Author = {S{\'e}rasset, Gilles},
	Institution = {GETA-CLIPS, IMAG},
	Month = {september},
	Title = {Rapport du s{\'e}jour de Gilles S{\'e}rasset {\`a} l'Universit{\'e} de Montr{\'e}al du 1/6/96 au 31/8/96, projet DECID},
	Type = {Rapport interne},
	Year = {1996}}

@techreport{Serasset:95b,
	Author = {S{\'e}rasset, Gilles and Lafourcade, Mathieu},
	Institution = {GETA, IMAG (UJF \& CNRS)},
	Month = {September},
	Title = {La communication par courrier {\'e}lectronique dans la maquette LIDIA-1.2},
	Type = {Rapport de recherche (projet Eureka EUROLANG)},
	Year = {1995}}

@techreport{Boitet:95b,
	Author = {Boitet, Christian and Blanc, {\'e}tienne and S{\'e}rasset, Gilles and Guilbaud, Jean-Philippe and N{\'e}dobejkine, Nicolas and Guillaume, Pierre and Lafourcade, Mathieu},
	Institution = {GETA, IMAG (UJF \& CNRS)},
	Month = {May},
	Title = {Avancement de LIDIA-1.2, une maquette de TAO personnelle multicible, utilisant la messagerie usuelle, et avec r{\'e}trotraduction},
	Type = {Rapport de contrat Eureka EuroLang},
	Year = {1995}}

@inproceedings{Serasset:95a,
	Address = {Lyon},
	Author = {S{\'e}rasset, Gilles},
	Booktitle = {Lexicomatique et Dictionnairique},
	Pages = {205-215},
	Publisher = {actualit{\'e} scientifique, AUPELF-UREF},
	Title = {Informatisation du Dictionnaire Explicatif et Combinatoire : le projet NADIA-DEC},
	Volume = {1},
	Year = {1995}}

@techreport{Blanchon:95,
	Author = {Blanchon, Herv{\'e} and S{\'e}rasset, Gilles},
	Institution = {GETA, IMAG (UJF \& CNRS)},
	Month = {september},
	Title = {Le serveur de d{\'e}sambigu{\"\i}sation de la maquette LIDIA-1.2},
	Type = {Rapport de recherche (projet Eureka EUROLANG)},
	Year = {1995}}

@techreport{Boitet:95a,
	Author = {Boitet, Christian and Planas, Emmanuel and Blanchon, Herv{\'e} and Blanc, {\'e}tienne and Guilbaud, Jean-Philippe and Guillaume, Pierre and Lafourcade, Mathieu and S{\'e}rasset, Gilles},
	Institution = {GETA-CLIPS-IMAG},
	Title = {LIDIA-1.2, une maquette de TAO personnelle multicible, utilisant la messagerie usuelle, la d{\'e}sambigu{\"\i}sation interactive, et la retrotraduction},
	Type = {Rapport final du projet Eureka Eurolang},
	Year = {1995}}

@techreport{Blanc:95,
	Author = {Blanc, Etienne and S{\'e}rasset, Gilles},
	Institution = {GETA, IMAG (UJF \& CNRS)},
	Month = {septembre},
	Title = {G{\'e}n{\'e}ration du dictionnaire du d{\'e}sambigu{\"\i}seur interactif de la maquette LIDIA {\`a} partir de la base PARAX},
	Type = {Rapport de recherche (projet Eureka EUROLANG)},
	Year = {1995}}

@techreport{Serasset:94a,
	Author = {S{\'e}rasset, Gilles},
	Institution = {Japan Electronic Dictionary Research Institute Ltd.},
	Month = {16 March},
	Number = {TM-038},
	Title = {Recent Trends of Electronic Dictionary Research and Development in Europe},
	Type = {Technical Memorandum},
	Year = {1994}}

@inproceedings{Serasset:94b,
	Author = {S{\'e}rasset, Gilles},
	Booktitle = {COLING-94},
	Editor = {Nagao, Makoto},
	Month = {August},
	Pages = {278-282},
	Title = {Interlingual Lexical Organisation for Multilingual Lexical Databases in NADIA},
	Volume = {1},
	Year = {1994}}

@inproceedings{Serasset:94d,
	Author = {S{\'e}rasset, Gilles},
	Booktitle = {ICLA-94},
	Month = {July},
	Pages = {21-33},
	Title = {An Interlingual Lexical Organisation Based on Acceptions, From the Parax Mock-up to the NADIA System},
	Year = {1994}}

@inproceedings{EB96parax,
	Author = {Etienne Blanc},
	Booktitle = {Lexicomatique et Dictionnairique, Actes du colloque LTT},
	Pages = {43-58},
	Publisher = {Universit{\'e}s Francophones, Actualit{\'e}s scientifiques, AUPELF-UREF},
	Title = {Une maquette de base lexicale multilingue {\`a} pivot lexical : PARAX},
	Year = {1995}}

@article{MelcukWanner01MT,
	Author = {Mel'\v{c}uk, Igor and Wanner, Leo},
	Journal = {Machine Translation},
	Month = {March},
	Number = {1},
	Pages = {21-87},
	Publisher = {Kluwer Academic Publishers},
	Title = {Towards a Lexicographic Approach to Lexical Transfer in Machine Translation (Illustrated by the GermanRussian Language Pair)},
	Volume = {16},
	Year = {2001}}

@manual{Polguere:02,
	Author = {Polgu{\`e}re, Alain},
	Organization = {{OLST}-D{\'e}partement de linguistique et de traduction, Universit{\'e} de Montr{\'e}al},
	Title = {Notions de base en lexicologie},
	Year = {2002}}

@inproceedings{Polguere:00,
	Author = {Polgu{\`e}re, Alain},
	Booktitle = {Proceeding of EURALEX'2000, Stuttgart},
	Pages = {517-527},
	Title = {Towards a theoretically-motivated general public dictionary of semantic derivations and collocations for French},
	Year = {2000}}

@inproceedings{Barriere01,
	Address = {Nancy},
	Author = {Barri{\`e}re, C. and Copeck, T.},
	Booktitle = {TIA 2001},
	Title = {Building Domain Knowledge from Specialized Texts},
	Year = {2001}}

@article{Bourrigault93,
	Author = {Bourrigault, D.},
	Journal = {TAL},
	Number = {2},
	Pages = {105-118},
	Title = {Analyse locale pour le rep{\`e}rage des termes complexes dans les textes},
	Volume = {34},
	Year = {1993}}

@article{chauche90,
	Author = {Chauch{\'e}, Jacques},
	Journal = {TA Informations},
	Number = {1},
	Pages = {17-24},
	Title = {D\'{e}termination s\'{e}mantique en analyse structurelle : une exp\'{e}rience bas\'{e}e sur une d\'{e}finition de distance},
	Volume = {31},
	Year = {1990}}

@article{Cruse95,
	Author = {Cruse, D. A. and Togia, P.},
	Journal = {Lexicology},
	Pages = {113-141},
	Title = {Towards a cognitive model of antonymy},
	Volume = {1},
	Year = {1995}}

@manual{Dafa01,
	Author = {Verlinde, S. and Selva, T.},
	Organization = {http://www.projetdafa.net},
	Title = {{DAFA} - Dictionnaire d'Apprentissage du Fran\c{c}ais des Affaires},
	Year = {2001}}

@article{Deerwester90,
	Author = {Deerwester, S. and Dumais, S. and Landauer, T. and Furnas, G. and Harshman, R.},
	Journal = {Journal of the American Society of Information Science},
	Number = {6},
	Pages = {391-407},
	Title = {Indexing by latent semantic analysis},
	Volume = {416},
	Year = {1990}}

@article{Fellbaum95,
	Author = {Fellbaum, C.},
	Journal = {International Journal of Lexicography},
	Pages = {281-303},
	Title = {Co-occurrence and antonymy},
	Volume = {8},
	Year = {1995}}

@book{Fischer73,
	Address = {M{\"u}nchen},
	Author = {Fischer, W. L.},
	Publisher = {Max H{\"u}ber Verlag},
	Title = {{\"A}quivalenz und Toleranz Strukturen in der Linguistik zur Theory der Synonyma},
	Year = {1973}}

@article{Gwei87,
	Author = {Gwei, G.M. and Foxley, E.},
	Journal = {The Computer Journal},
	Number = {6},
	Pages = {551-557},
	Title = {A Flexible Synonym Interface with application examples in CAL and Help Environments},
	Volume = {30},
	Year = {1987}}

@inproceedings{Hamon01,
	Address = {Nancy},
	Author = {Hamon, T. and Nazarenko, A.},
	Booktitle = {TIA 2001},
	Title = {La structuration de terminologie : une n\'{e}cessaire coop\'{e}ration},
	Year = {2001}}

@inproceedings{Hathout01,
	Address = {Tours},
	Author = {Hathout, N.},
	Booktitle = {TALN 2001},
	Date-Modified = {2009-02-09 11:22:29 +0100},
	Pages = {223-232},
	Title = {Analogies morpho-synonymiques. Une m\'{e}thode d'acquisition automatique de liens morphologiques \'{a} partir d'un dictionnaire de synonymes},
	Year = {2001}}

@inproceedings{Hearst98,
	Author = {Hearst, M.A.},
	Booktitle = {Wordnet An Electronic Lexical Database},
	Editor = {Fellbaum, C.},
	Pages = {131-151},
	Publisher = {MIT Press, Cambridge, MA},
	Title = {Automated discovery of Wordnet relations},
	Year = {1998}}

@article{Justeson91,
	Author = {Justeson, J.S. and Katz, S.},
	Journal = {Computational Linguistics},
	Pages = {1-19},
	Title = {Co-occurrences of antonymous adjectives and their contexts},
	Volume = {17},
	Year = {1991}}

@inproceedings{Lafourcade99,
	Address = {Carg\`ese},
	Author = {Lafourcade, M. and Sandford, E.},
	Booktitle = {TALN'99},
	Date-Modified = {2009-02-09 11:22:51 +0100},
	Pages = {351-356},
	Title = {Analyse et d\'esambigu{\"\i}sation lexicale par vecteurs s\'emantiques},
	Year = {1999}}

@inproceedings{Lafourcade01,
	Address = {Tokyo},
	Author = {Lafourcade, M.},
	Booktitle = {First International Workshop on MultiMedia Annotation (MMA'2001)},
	Date-Modified = {2009-02-09 11:22:45 +0100},
	Pages = {6},
	Title = {Lexical sorting and lexical transfer by conceptual vectors},
	Year = {2001}}

@inproceedings{LAFPRI2001,
	Address = {Tours},
	Author = {Lafourcade, M. and Prince, V.},
	Booktitle = {TALN 2001},
	Date-Modified = {2009-02-09 11:22:59 +0100},
	Pages = {233-242},
	Title = {Synonymies et vecteurs conceptuels},
	Year = {2001}}

@book{LAR2001,
	Author = {Larousse},
	Publisher = {Larousse},
	Title = {Th\'esaurus Larousse - des id\'ees aux mots - des mots aux id\'ees.},
	Year = {1992}}

@manual{OCDE91,
	Author = {OCDE},
	Organization = {http://info.uibk.ac.at/info/oecd-macroth/},
	Title = {Macrothesaurus},
	Year = {1991}}

@techreport{Prince91,
	Author = {Prince, V.},
	Institution = {CNRS},
	Number = {91-20},
	Title = {Notes sur l'\'{e}valuation de la r\'{e}ponse dans {TEDDI} : introduction d'une relation d'\'{e}quivalence pour la synonymie relative},
	Type = {Notes et Documents LIMSI},
	Year = {1991}}

@inproceedings{Resnik95,
	Author = {Resnik, P.},
	Booktitle = {IJCAI-95},
	Title = {Using Information contents to evaluate semantic similarity in a taxonomy},
	Year = {1995}}

@article{Riloff95,
	Author = {Riloff, E. and Shepherd, J.},
	Journal = {Natural Language Engineering},
	Number = {2},
	Pages = {147-156},
	Title = {A corpus-based bootstrapping algorithm for Semi-Automated semantic lexicon construction},
	Volume = {5},
	Year = {1995}}

@book{Salton68,
	Author = {Salton, G.},
	Publisher = {McGraw-Hill, New York},
	Title = {Automatic Information Organisation and Retrieval},
	Year = {1968}}

@book{SaltMac83,
	Author = {Salton, G. and MacGill, M.J.},
	Publisher = {McGraw-Hill, New York},
	Title = {Introduction to Modern Information Retrieval},
	Year = {1983}}

@book{MelcukClasPolguere95,
	Address = {Louvain-la Neuve},
	Author = {Mel'\v{c}uk, Igor and Clas, Andre and Polgu{\`e}re, Alain},
	Publisher = {AUPELF-UREF et Duculot},
	Series = {Universites francophones et champs linguistiques},
	Title = {Introduction {\`a} la lexicologie explicative et combinatoire},
	Year = {1995}}

@book{DEC2:89,
	Address = {Montr{\'e}al(Quebec), Canada},
	Author = {Mel'\v{c}uk, Igor and Arbatchewsky-Jumarie, Nadia and Dagenais, Louise and Elnitsky, L{\'e}o and Iordanskaja, Lidija and Lefebvre, Marie-No{\"e}lle and Mantha, Suzanne},
	Publisher = {Presses de l'universit{\'e} de Montr{\'e}al},
	Title = {DEC : Dictionnaire explicatif et combinatoire du fran\c{c}ais contemporain, recherches lexico-s{\'e}mantiques II},
	Year = {1988}}

@book{DEC3:95,
	Address = {Montr{\'e}al(Quebec), Canada},
	Author = {Mel'\v{c}uk, Igor and Arbatchewsky-Jumarie, Nadia and Iordanskaja, Lidija and Mantha, Suzanne},
	Publisher = {Presses de l'universit{\'e} de Montr{\'e}al},
	Title = {DEC : Dictionnaire explicatif et combinatoire du fran\c{c}ais contemporain, recherches lexico-s{\'e}mantiques III},
	Year = {1992}}

@book{DEC4:96,
	Address = {Montr{\'e}al(Quebec), Canada},
	Author = {Mel'\v{c}uk, Igor and Arbatchewsky-Jumarie, Nadia and Iordanskaja, Lidija and Mantha, Suzanne and Polgu{\`e}re, Alain},
	Publisher = {Presses de l'universit{\'e} de Montr{\'e}al},
	Title = {DEC : Dictionnaire explicatif et combinatoire du fran\c{c}ais contemporain, recherches lexico-s{\'e}mantiques IV},
	Year = {1996}}

@article{Melcuk78,
	Author = {Mel'\v{c}uk, Igor},
	Journal = {META},
	Number = {4},
	Pages = {271-302},
	Title = {Th{\'e}orie du langage, th{\'e}orie de la traduction},
	Volume = {23},
	Year = {1978}}

@book{DEC1:84,
	Address = {Montr{\'e}al(Quebec), Canada},
	Author = {Mel'\v{c}uk, Igor and Arbatchewsky-Jumarie, Nadia and Eltnisky, L{\'e}o and Iordanskaja, Lidija and Lessard, Ad{\`e}le},
	Publisher = {Presses de l'universit{\'e} de Montr{\'e}al},
	Title = {DEC : Dictionnaire explicatif et combinatoire du fran\c{c}ais contemporain, recherches lexico-s{\'e}mantiques I},
	Year = {1984}}

@book{Melcuk95,
	Author = {Mel'\v{c}uk, Igor},
	Series = {Wiener Slawistischer Almanach & Gnosis},
	Title = {The Russian Language in the Meaning Text Perspective},
	Year = {1995}}

@book{Melcuk96,
	Author = {Mel'\v{c}uk, Igor},
	Publisher = {Les presses de l'universit{\'e} de Montr{\'e}al},
	Title = {Cours de morphologie g{\'e}n{\'e}rale},
	Year = {1996}}

@incollection{MelcukWanner95,
	Address = {Amsterdam/Philadelphia},
	Author = {Mel'\v{c}uk, Igor},
	Booktitle = {Lexical Functions in Lexicography and Natural Language Processing},
	Editor = {Wanner, Leo},
	Pages = {37-102},
	Publisher = {John Benjamins},
	Title = {Lexical Functions: A Tool for the description of Lexical Relations in the Lexicon},
	Year = {1995}}

@article{Melcuk81,
	Author = {Mel'\v{c}uk, Igor},
	Journal = {Annual Review of Anthropology},
	Pages = {27-62},
	Title = {Meaning-Text Models: A recent trend in Soviet linguistics},
	Volume = {10},
	Year = {1981}}

@book{Salton88,
	Author = {Salton, G.},
	Edition = {McGraw-Hill computer science series, vol. 24},
	Publisher = {McGraw-Hill},
	Title = {Term-Weighting Approaches in Automatic Text Retrieval},
	Year = {1988}}

@mastersthesis{Schwab01,
	Address = {Montpellier},
	Author = {Schwab, Didier},
	School = {LIRMM},
	Title = {Vecteurs conceptuels et fonctions lexicales : application \`{a} l'antonymie},
	Type = {M{\'e}moire de DEA Informatique},
	Year = {2001}}

@inproceedings{SchwabLafourcadePrince02,
	Author = {Schwab, Didier and Lafourcade, Mathieu and Prince, Violaine},
	Booktitle = {JADT 2002, vol. 2},
	Pages = {701-712},
	Title = {Am{\'e}lioration de la repr{\'e}sentation s{\'e}mantique lexicale par les vecteurs conceptuels : le r{\^o}le de l'antonymie},
	Year = {2002}}

@book{SparckJones86,
	Author = {Sparck Jones, Karen},
	Publisher = {Edinburgh University Press},
	Series = {Edinburgh Information Technology Series},
	Title = {Synonymy and Semantic Classification},
	Year = {1986}}

@article{Ploux98,
	Author = {Ploux, S. and Victorri, B.},
	Journal = {TAL},
	Number = {1},
	Pages = {161-182},
	Title = {Construction d'espaces s\'{e}mantiques \'{a} l'aide de dictionnaires de synonymes},
	Volume = {39},
	Year = {1998}}

@inproceedings{Yarowsky92,
	Address = {Nantes},
	Author = {Yarowsky, D.},
	Booktitle = {COLING'92},
	Pages = {454-460},
	Title = {Word-Sense Disambiguation Using Statistical Models of Roget's Categories Trained on Large Corpora},
	Year = {1992}}

@inproceedings{QuahBondYamazaki01,
	Address = {Seoul},
	Author = {Quah, C. K. and Bond, F. and Yamazaki, T.},
	Booktitle = {Proceedings of AsiaLex},
	Pages = {200-205},
	Title = {Design and Construction of a machine-tractable Malay-English Lexicon},
	Year = {2001}}

@inproceedings{ChaucheStanford96,
	Address = {Le Col de Porte, France},
	Author = {Chauch{\'e}, Jacques and Sandford, Eug{\`e}ne},
	Booktitle = {Actes de MIDDIM-96},
	Month = {Ao{\^u}t},
	Pages = {56-66},
	Title = {D{\'e}termination s{\'e}mantique en analyse structurelle : une exp{\'e}rience bas{\'e}e sur une d{\'e}finition de distance},
	Year = {1996}}

@article{LafourcadePrinceSchwab02,
	Author = {Mathieu Lafourcade and Violaine Prince and Didier Schwab},
	Journal = {TAL},
	Number = {1},
	Pages = {43-72},
	Title = {Vecteurs conceptuels et structuration {\'e}mergente de terminologies},
	Volume = {43},
	Year = {2002}}

@inproceedings{Mangeot02LREC,
	Address = {Las Palmas, Islas Canarias, Spain},
	Author = {Mathieu Mangeot},
	Booktitle = {LREC Workshop on International Standards of Terminology and Language Resources Management},
	Date-Modified = {2005-11-07 09:27:28 +0100},
	Month = {May},
	Pages = {37-44},
	Title = {An XML Markup Language Framework for Lexical Databases Environments: the Dictionary Markup Language},
	Year = {2002}}

@phdthesis{Mangeot01PhD,
	Author = {Mathieu Mangeot},
	Date-Modified = {2005-11-07 09:27:21 +0100},
	Month = {Septembre},
	School = {Universit{\'e} Joseph Fourier Grenoble I},
	Title = {Environnements centralis{\'e}s et distribu{\'e}s pour lexicographes et lexicologues en contexte multilingue},
	Type = {Th{\`e}se de nouveau doctorat, Sp{\'e}cialit{\'e} Informatique},
	Year = {2001}}

@inproceedings{Desperrier2002,
	Address = {NII, Tokyo, Japan},
	Author = {Jean-Marc Desperrier},
	Booktitle = {Papillon'2002 Seminar},
	Month = {July},
	Publisher = {http://www.papillon-dictionary.org/ConsultInformations.po},
	Title = {Analyzis of the results of a collaborative project for the creation of a Japanese-French dictionary},
	Year = {2002}}

@inproceedings{SchwabLafourcade02Papillon,
	Address = {NII, Tokyo, Japan},
	Author = {Schwab, Didier and Lafourcade, Mathieu},
	Booktitle = {Papillon'2002 Seminar},
	Month = {July},
	Publisher = {http://www.papillon-dictionary.org/ConsultInformations.po},
	Title = {Hardening of Acception Links through Vectorized Lexical Functions},
	Year = {2002}}

@book{fem96,
	Address = {Kuala Lumpur},
	Author = {Gut, Yvan and Rashida Megat Ramli, Puteri and Yusoff, Zaharin and Choy Chuah, Kim and Samat, Salina A. and Boitet, Christian and Nedobejkine, Nicolai and Lafourcade, Mathieu and Gaschler, Jean and Levenbach, Dorian},
	Publisher = {Dewan Bahasa dan Pustaka},
	Title = {Kamus Perancis-Melayu Dewan, Dictionnaire francais-malais},
	Year = {1996}}

@inproceedings{LapalmeSerasset:03,
	Address = {Sapporo, Japan},
	Author = {Lapalme, Guy and S{\'e}rasset, Gilles},
	Booktitle = {Papillon 2003 Workshop on Multilingual Lexical Databases},
	Month = {3-5 July},
	Title = {Batch creation of Papillon entries from DiCo},
	Url = {http://www.papillon-dictionary.org/info_media/3077687.pdf},
	Year = {2003},
	Bdsk-Url-1 = {http://www.papillon-dictionary.org/info_media/3077687.pdf}}

@article{MangeotSerassetLafourcade:03,
	Author = {Mangeot, Mathieu and S{\'e}rasset, Gilles and Lafourcade, Mathieu},
	Date-Modified = {2005-11-07 09:27:55 +0100},
	Journal = {TAL},
	Number = {2},
	Pages = {151-176},
	Title = {Construction collaborative d'une base lexicale multilingue, le projet {Papillon}},
	Url = {http://www-clips.imag.fr/geta/gilles.serasset/clips-only/papillon-tal-sent.pdf},
	Volume = {44},
	Year = {2003},
	Bdsk-Url-1 = {http://www-clips.imag.fr/geta/gilles.serasset/clips-only/papillon-tal-sent.pdf}}

@inproceedings{boitet2000i,
	Address = {Monastir},
	Author = {Boitet, Christian},
	Booktitle = {ACIDCA'2000, Corpora and Natural Language Processing},
	Editor = {Belguith, Lamia},
	Month = {22-24 March},
	Pages = {7-11},
	Publisher = {Universit{\'e} de Sfax},
	Title = {Handling Texts and Corpuses in Ariane-G5, a complete environment for multilingual MT},
	Year = {2000}}

@inproceedings{boitet1990f,
	Author = {Boitet, Christian},
	Booktitle = {ROCLing-III (tutorials)},
	Month = {August 1990},
	Pages = {21},
	Title = {Software and lingware engineering in recent (1980-90) classical MT : Ariane-G5 and BV/aero/F-E},
	Year = {1990}}

@book{UNLGiftMillennium,
	Address = {Tokyo, Japan},
	Author = {Uchida, Hiroshi and Zhu, Meying and Della Senta, Tarcisio},
	Publisher = {Institute of Advanced Studies, The United Nations University},
	Title = {UNL: A Gift for a Millennium},
	Url = {http://www.unl.ias.unu.edu/publications/gm/index.htm},
	Year = {2000},
	Bdsk-Url-1 = {http://www.unl.ias.unu.edu/publications/gm/index.htm}}

@book{UNLSpec32,
	Author = {{UNL Center}},
	Month = {1 July},
	Publisher = {UNDL Fondation},
	Title = {The Universal Networking Language (UNL) specifications Version 3 Edition 2},
	Url = {http://www.unlc.undl.org/unlsys/unl/UNL\%20Specifications.htm},
	Year = {2003},
	Bdsk-Url-1 = {http://www.unlc.undl.org/unlsys/unl/UNL%5C%20Specifications.htm}}

@book{MLRI:2006,
	Address = {Sydney, Australia},
	Date-Modified = {2009-05-04 11:58:18 +0200},
	Editor = {Andreas Witt and Gilles S{\'e}rasset and Susan Armstrong and Jim Breen and Ulrich Heid and Felix Sasaki},
	Month = {July},
	Publisher = {Association for Computational Linguistics},
	Title = {Proceedings of the Workshop on Multilingual Language Resources and Interoperability},
	Url = {http://www.aclweb.org/anthology/W/W06/W06-10},
	Year = {2006},
	Bdsk-Url-1 = {http://www.aclweb.org/anthology/W/W06/W06-10}}

@inproceedings{francopoulo-EtAl:2006:MLRI,
	Address = {Sydney, Australia},
	Author = {Francopoulo, Gil and Bel, Nuria and George, Monte and Calzolari, Nicoletta and Monachini, Monica and Pet, Mandy and Soria, Claudia},
	Booktitle = {Proceedings of the Workshop on Multilingual Language Resources and Interoperability},
	Month = {July},
	Pages = {1--8},
	Publisher = {Association for Computational Linguistics},
	Title = {Lexical Markup Framework ({LMF}) for {NLP} Multilingual Resources},
	Url = {http://www.aclweb.org/anthology/W/W06/W06-1001},
	Year = {2006},
	Bdsk-Url-1 = {http://www.aclweb.org/anthology/W/W06/W06-1001}}

@inproceedings{halpern:2006:MLRI,
	Address = {Sydney, Australia},
	Author = {Halpern, Jack},
	Booktitle = {Proceedings of the Workshop on Multilingual Language Resources and Interoperability},
	Month = {July},
	Pages = {9--16},
	Publisher = {Association for Computational Linguistics},
	Title = {The Role of Lexical Resources in {CJK} Natural Language Processing},
	Url = {http://www.aclweb.org/anthology/W/W06/W06-1002},
	Year = {2006},
	Bdsk-Url-1 = {http://www.aclweb.org/anthology/W/W06/W06-1002}}

@inproceedings{soria-EtAl:2006:MLRI,
	Address = {Sydney, Australia},
	Author = {Soria, Claudia and Tesconi, Maurizio and Marchetti, Andrea and Bertagna, Francesca and Monachini, Monica and Huang, Chu-Ren and Calzolari, Nicoletta},
	Booktitle = {Proceedings of the Workshop on Multilingual Language Resources and Interoperability},
	Month = {July},
	Pages = {17--24},
	Publisher = {Association for Computational Linguistics},
	Title = {Towards Agent-based Cross-Lingual Interoperability of Distributed Lexical Resources},
	Url = {http://www.aclweb.org/anthology/W/W06/W06-1003},
	Year = {2006},
	Bdsk-Url-1 = {http://www.aclweb.org/anthology/W/W06/W06-1003}}

@inproceedings{lyding-EtAl:2006:MLRI,
	Address = {Sydney, Australia},
	Author = {Lyding, Verena and Chiocchetti, Elena and S\'erasset, Gilles and Brunet-Manquat, Francis},
	Booktitle = {Proceedings of the Workshop on Multilingual Language Resources and Interoperability},
	Date-Modified = {2009-05-12 15:44:48 +0200},
	Editor = {Andreas Witt and Gilles S\'erasset and Susan Armstrong and Jim Breen and Ulrich Heid and Felix Sasaki},
	Month = {July},
	Pages = {25--31},
	Publisher = {Association for Computational Linguistics},
	Title = {The {LexALP} Information System: Term Bank and Corpus for Multilingual Legal Terminology Consolidated},
	Url = {http://www.aclweb.org/anthology/W/W06/W06-1004},
	Year = {2006},
	Bdsk-Url-1 = {http://www.aclweb.org/anthology/W/W06/W06-1004}}

@inproceedings{cardey-chan-greenfield:2006:MLRI,
	Address = {Sydney, Australia},
	Author = {Cardey, Sylviane and Chan, Rosita and Greenfield, Peter},
	Booktitle = {Proceedings of the Workshop on Multilingual Language Resources and Interoperability},
	Month = {July},
	Pages = {32--39},
	Publisher = {Association for Computational Linguistics},
	Title = {The Development of a Multilingual Collocation Dictionary},
	Url = {http://www.aclweb.org/anthology/W/W06/W06-1005},
	Year = {2006},
	Bdsk-Url-1 = {http://www.aclweb.org/anthology/W/W06/W06-1005}}

@inproceedings{seretan-wehrli:2006:MLRI,
	Address = {Sydney, Australia},
	Author = {Seretan, Violeta and Wehrli, Eric},
	Booktitle = {Proceedings of the Workshop on Multilingual Language Resources and Interoperability},
	Month = {July},
	Pages = {40--49},
	Publisher = {Association for Computational Linguistics},
	Title = {Multilingual Collocation Extraction: Issues and Solutions},
	Url = {http://www.aclweb.org/anthology/W/W06/W06-1006},
	Year = {2006},
	Bdsk-Url-1 = {http://www.aclweb.org/anthology/W/W06/W06-1006}}

@inproceedings{polguere:2006:MLRI,
	Address = {Sydney, Australia},
	Author = {Polgu\`ere, Alain},
	Booktitle = {Proceedings of the Workshop on Multilingual Language Resources and Interoperability},
	Month = {July},
	Pages = {50--59},
	Publisher = {Association for Computational Linguistics},
	Title = {Structural Properties of Lexical Systems: Monolingual and Multilingual Perspectives},
	Url = {http://www.aclweb.org/anthology/W/W06/W06-1007},
	Year = {2006},
	Bdsk-Url-1 = {http://www.aclweb.org/anthology/W/W06/W06-1007}}

@inproceedings{fukushima-taura-chikayama:2006:MLRI,
	Address = {Sydney, Australia},
	Author = {Fukushima, Ken'ichi and Taura, Kenjiro and Chikayama, Takashi},
	Booktitle = {Proceedings of the Workshop on Multilingual Language Resources and Interoperability},
	Month = {July},
	Pages = {60--67},
	Publisher = {Association for Computational Linguistics},
	Title = {A Fast and Accurate Method for Detecting English-Japanese Parallel Texts},
	Url = {http://www.aclweb.org/anthology/W/W06/W06-1008},
	Year = {2006},
	Bdsk-Url-1 = {http://www.aclweb.org/anthology/W/W06/W06-1008}}

@inproceedings{chew-EtAl:2006:MLRI,
	Address = {Sydney, Australia},
	Author = {Chew, Peter A. and Verzi, Steve J. and Bauer, Travis L. and McClain, Jonathan T.},
	Booktitle = {Proceedings of the Workshop on Multilingual Language Resources and Interoperability},
	Month = {July},
	Pages = {68--74},
	Publisher = {Association for Computational Linguistics},
	Title = {Evaluation of the Bible as a Resource for Cross-Language Information Retrieval},
	Url = {http://www.aclweb.org/anthology/W/W06/W06-1009},
	Year = {2006},
	Bdsk-Url-1 = {http://www.aclweb.org/anthology/W/W06/W06-1009}}
